@article{Cardelli1985,
 author = {Cardelli, Luca and Wegner, Peter},
 title = {On Understanding Types, Data Abstraction, and Polymorphism},
 journal = {ACM Comput. Surv.},
 issue_date = {Dec. 1985},
 volume = {17},
 number = {4},
 month = dec,
 year = {1985},
 issn = {0360-0300},
 pages = {471--523},
 numpages = {53},
 url = {http://doi.acm.org/10.1145/6041.6042},
 doi = {10.1145/6041.6042},
 acmid = {6042},
 publisher = {ACM},
 address = {New York, NY, USA},
}